@book{Mattila1995,
  author = {Pertti Mattila},
  title = {Geometry of Sets and Measures in Euclidean Spaces},
  subtitle = {Fractals and Rectifiability},
  publisher = {Cambridge University Press},
  address = {Cambridge},
  year = {1995},
  edition = {1st ed.},
  ISBN = {0-521-46576-1},
}

