% Encoding: UTF-8
%
%  Vzor bibliografické databáze pro automatickou tvorbu seznamu referencí
%  pomocí BibTeXu
%
%  Doporučený software pro správu databáze literatury formátu *.bib:
%    JabRef, http://jabref.sourceforge.net/
%
%  POZOR:
%
%    *  Písmena v~názvech publikací, jež je třeba tisknout vždy velká, se musejí psát
%       do složených závorek ({T}hailand, {HIV})
%
%  ===========================================================================

@book{PrusinkiewiczLindenmayer1996,
  place           = {New York},
  title           = {The algorithmic beauty of plants},
  publisher       = {Springer-Verlag},
  author          = {Prusinkiewicz, Przemyslaw and Lindenmayer, Aristid},
  isbn            = {978-1-4613-8476-2},
  year            = {1996}
} 

@book{Falconer2014,
  place           = {Chichester},
  title           = {Fractal geometry mathematical foundations and applications},
  publisher       = {John Wiley \& Sons, Ltd},
  author          = {Falconer, Kenneth},
  isbn            = {978-1-119-94239-9},
  series          = {3rd edition},
  year            = {2014}
}

@book{Mandelbrot1977,
  place           = {New York},
  title           = {The fractal geometry of nature: Updated and augmented},
  publisher       = {Freeman},
  author          = {Mandelbrot, Benoit B.},
  isbn            = {978-0716711865},
  year            = {1977}
} 