@book{Engelking1989,
  author = {Ryszard Engelking},
  title = {General topology},
  publisher = {Heldermann},
  address = {Berlin},
  year = {1989},
  edition = {Rev. and completed ed},
  ISBN = {3-88538-006-4},
}

